<?xml version="1.0" encoding="UTF-8"?><record xmlns="http://www.loc.gov/MARC21/slim" xmlns:cinclude="http://apache.org/cocoon/include/1.0" xmlns:zs="http://www.loc.gov/zing/srw/">
  <leader>00374nz  a2200121n  4500</leader>
  <controlfield tag="001">nr 97045477 </controlfield>
  <controlfield tag="003">DLC</controlfield>
  <controlfield tag="005">19980108051756.4</controlfield>
  <controlfield tag="008">971223n| acannaab|          |n aaa     c</controlfield>
  <datafield tag="010" ind1=" " ind2=" ">
    <subfield code="a">nr 97045477 </subfield>
  </datafield>
  <datafield tag="040" ind1=" " ind2=" ">
    <subfield code="a">CSt</subfield>
    <subfield code="c">CSt</subfield>
  </datafield>
  <datafield tag="100" ind1="1" ind2="0">
    <subfield code="a">Vittadini, Franco,</subfield>
    <subfield code="d">1960-</subfield>
  </datafield>
  <datafield tag="670" ind1=" " ind2=" ">
    <subfield code="a">Il quid e la frontiera, 1994:</subfield>
    <subfield code="b">t.p. (Franco Vittadini) back cover flap (b. 1960 Milan; journalist by profession)</subfield>
  </datafield>
</record>